<record><leader>00000cas a2200000 a 4500</leader><controlfield tag="001">754194301</controlfield><controlfield tag="007">hd afb---baca</controlfield><controlfield tag="007">hd afb---baaa</controlfield><controlfield tag="007">hd afb---baba</controlfield><controlfield tag="008">110923d19481972pauwr ne      0    0eng  </controlfield><controlfield tag="009">466</controlfield><datafield ind1=" " ind2=" " tag="010"><subfield code="a">  2011215409</subfield></datafield><datafield ind1=" " ind2=" " tag="040"><subfield code="a">DLC</subfield><subfield code="b">eng</subfield><subfield code="c">DLC</subfield><subfield code="d">OCLCF</subfield></datafield><datafield ind1=" " ind2=" " tag="042"><subfield code="a">pcc</subfield></datafield><datafield ind1=" " ind2=" " tag="043"><subfield code="a">n-us-pa</subfield></datafield><datafield ind1="0" ind2="0" tag="050"><subfield code="a">Microfilm (o) 85/701</subfield></datafield><datafield ind1="0" ind2=" " tag="130"><subfield code="a">Polish American journal (Scranton, Pa. : 1948)</subfield></datafield><datafield ind1="0" ind2="0" tag="245"><subfield code="a">Polish American journal</subfield><subfield code="h">[microform].</subfield></datafield><datafield ind1="3" ind2=" " tag="246"><subfield code="a">Polish-American journal</subfield></datafield><datafield ind1=" " ind2=" " tag="260"><subfield code="a">Scranton, Pa. :</subfield><subfield code="b">Dende Press,</subfield><subfield code="c">1948-1972.</subfield></datafield><datafield ind1=" " ind2=" " tag="300"><subfield code="a">v.</subfield></datafield><datafield ind1=" " ind2=" " tag="310"><subfield code="a">Biweekly,</subfield><subfield code="b">Sept. 17, 1955-1972</subfield></datafield><datafield ind1=" " ind2=" " tag="321"><subfield code="a">Weekly,</subfield><subfield code="b">1948-Sept. 10, 1955</subfield></datafield><datafield ind1="1" ind2=" " tag="362"><subfield code="a">Began with Vol. 36, no. 2 (Jan. 25, 1948); ceased with v. 61, no. 15/16 (July 15/29, 1972).</subfield></datafield><datafield ind1=" " ind2=" " tag="500"><subfield code="a">Title serves as national edition, June 1963-1972.</subfield></datafield><datafield ind1=" " ind2=" " tag="533"><subfield code="a">Microfilm.</subfield><subfield code="b">Washington, D.C. :</subfield><subfield code="c">Library of Congress Preservation Microfilming Program :</subfield><subfield code="c">Available from Library of Congress Photoduplication Service.</subfield><subfield code="e">microfilm reels ; 35 mm.</subfield></datafield><datafield ind1=" " ind2=" " tag="546"><subfield code="a">In English, with some columns and advertisements in Polish, &lt;1948&gt;; in English, &lt;1949&gt;-1972.</subfield></datafield><datafield ind1=" " ind2=" " tag="580"><subfield code="a">Published in several other eds., 1963-1972.</subfield></datafield><datafield ind1=" " ind2=" " tag="588"><subfield code="a">Description based on: Vol. 42, no. 32 (Aug. 8, 1953); title from caption.</subfield></datafield><datafield ind1=" " ind2="0" tag="650"><subfield code="a">Polish people</subfield><subfield code="z">Pennsylvania</subfield><subfield code="v">Newspapers.</subfield></datafield><datafield ind1=" " ind2="0" tag="650"><subfield code="a">Polish people</subfield><subfield code="z">United States</subfield><subfield code="v">Newspapers.</subfield></datafield><datafield ind1=" " ind2="0" tag="650"><subfield code="a">Polish Americans</subfield><subfield code="z">Pennsylvania</subfield><subfield code="v">Newspapers.</subfield></datafield><datafield ind1=" " ind2="0" tag="650"><subfield code="a">Polish Americans</subfield><subfield code="v">Newspapers.</subfield></datafield><datafield ind1=" " ind2="0" tag="651"><subfield code="a">Scranton (Pa.)</subfield><subfield code="v">Newspapers.</subfield></datafield><datafield ind1=" " ind2="0" tag="651"><subfield code="a">Lackawanna County (Pa.)</subfield><subfield code="v">Newspapers.</subfield></datafield><datafield ind1=" " ind2="7" tag="655"><subfield code="a">Newspapers.</subfield><subfield code="2">fast</subfield><subfield code="0">(OCoLC)fst01423814</subfield></datafield><datafield ind1=" " ind2="7" tag="650"><subfield code="a">Polish Americans.</subfield><subfield code="2">fast</subfield><subfield code="0">(OCoLC)fst01068870</subfield></datafield><datafield ind1=" " ind2="7" tag="650"><subfield code="a">Polish people.</subfield><subfield code="2">fast</subfield><subfield code="0">(OCoLC)fst01715992</subfield></datafield><datafield ind1=" " ind2="7" tag="651"><subfield code="a">Pennsylvania.</subfield><subfield code="2">fast</subfield><subfield code="0">(OCoLC)fst01204598</subfield></datafield><datafield ind1=" " ind2="7" tag="651"><subfield code="a">Pennsylvania</subfield><subfield code="z">Lackawanna County.</subfield><subfield code="2">fast</subfield><subfield code="0">(OCoLC)fst01204973</subfield></datafield><datafield ind1=" " ind2="7" tag="651"><subfield code="a">Pennsylvania</subfield><subfield code="z">Scranton.</subfield><subfield code="2">fast</subfield><subfield code="0">(OCoLC)fst01208014</subfield></datafield><datafield ind1=" " ind2="7" tag="651"><subfield code="a">United States.</subfield><subfield code="2">fast</subfield><subfield code="0">(OCoLC)fst01204155</subfield></datafield><datafield ind1=" " ind2=" " tag="752"><subfield code="a">United States</subfield><subfield code="b">Pennsylvania</subfield><subfield code="c">Lackawanna</subfield><subfield code="d">Scranton.</subfield></datafield><datafield ind1="1" ind2=" " tag="775"><subfield code="t">Polish-American journal (Scranton, Pa. : Polish Beneficial Association (U.S.) ed.)</subfield><subfield code="w">(DLC)sn 85038426</subfield><subfield code="w">(OCoLC)2266313</subfield></datafield><datafield ind1="1" ind2=" " tag="775"><subfield code="t">Polish-American journal (Scranton, Pa. : Polish Union of U.S.A. ed.)</subfield><subfield code="w">(DLC)sn 88079285</subfield><subfield code="w">(OCoLC)16812223</subfield></datafield><datafield ind1="1" ind2=" " tag="775"><subfield code="t">Polish American journal (Scranton, Pa. : Chicago ed.)</subfield><subfield code="w">(DLC)sn 87078593</subfield><subfield code="w">(OCoLC)16785330</subfield></datafield><datafield ind1="0" ind2="8" tag="776"><subfield code="i">Issued also in print:</subfield><subfield code="t">Polish American journal (Scranton, Pa. : 1948)</subfield><subfield code="w">(DLC)sn 87078594</subfield><subfield code="w">(OCoLC)16775044</subfield></datafield><datafield ind1="0" ind2="0" tag="780"><subfield code="t">Republika-go&#769;rnik pensylwan&#769;ski</subfield><subfield code="w">(OCoLC)16774932</subfield><subfield code="w">(DLC)sn 87080642</subfield></datafield><datafield ind1="0" ind2="0" tag="785"><subfield code="t">Pol Am journal (Scranton, Pa. : National ed.)</subfield><subfield code="w">(DLC)sn 84006855</subfield></datafield><datafield ind1=" " ind2=" " tag="850"><subfield code="a">DLC</subfield><subfield code="a">DLC (master)</subfield></datafield></record>